Plačiau apie šaltinių tipus ir jų atributus:
http://mirror.datacenter.by/pub/mirrors/CTAN/macros/latex/contrib/biblatex/doc/biblatex.pdf#subsection.2.1

@article{PvzStraipsnLt,
  author  = {A. Pavardenis and B. Pavardonis and C. Pavardauskas},
  title   = {Straipsnio pavadinimas},
  journal = {Žurnalo pavadinimas},
  year    = {2001},
  volume  = {IV},
  pages   = {8-17}
} 

@article{PvzStraipsnEn,
  author  = {A. Surname and B. Tsurname and C. Usurname},
  title   = {Article Title},
  journal = {Journal Title},
  year    = {2001},
  volume  = {IV},
  pages   = {3-15},
  langid  = {english}
} 

@inproceedings{PvzKonfLt,
  author    = {A. Pavardenis and B. Pavardonis and C. Pavardauskas and D. Pavardinskas},
  title     = {Straipsnio pavadinimas},
  booktitle = {Rinkinio pavadinimas},
  year      = {2002},
  publisher = {Leidykla},
  address   = {Miestas, šalis},
  pages     = {3-15}
}

@inproceedings{PvzKonfEn,
  author    = {A. Surname and B. Tsurname and C. Usurname and D. Vsurname},
  title     = {Article title},
  booktitle = {Conference book title},
  year      = {2002},
  publisher = {Publisher},
  address   = {City, country},
  pages     = {3-15},
  langid    = {english}
}

@book{PvzKnygLt,
  author    = {A. Pavardenis and B. Pavardonis and C. Pavardauskas},
  title     = {Knygos pavadinimas},
  publisher = {Leidykla},
  year      = {2003},
  address   = {Miestas, šalis},
  note      = {172 psl.}
}

@book{PvzKnygEn,
  author    = {A. Surname and B. Tsurname and C. Usurname},
  title     = {Book title},
  publisher = {Publisher},
  year      = {2003},
  address   = {City, country},
  note      = {172 p.},
  langid    = {english}
}

@misc{PvzElPubLt,
  author       = {A. Pavardenis and B. Pavardonis and C. Šavardauskas},
  title        = {Elektroninės publikacijos pavadinimas},
  howpublished = {\url{http://example.com/kelias/iki/straipsnio.pdf}},
  year         = {2004},
  note         = {45 KB, tikrinta 2015-02-01}
}

@misc{PvzElPubEn,
  author       = {A. Surname and B. Tsurname and C. Usurname},
  title        = {Online Source Title},
  howpublished = {\url{http://example.com/path/to/the/article.pdf}},
  year         = {2004},
  note         = {45 KB, accessed 2015-02-01.},
  langid       = {english}
}

@mastersthesis{PvzMagistrLt,
  author = {A. Pavardonis},
  title  = {Magistrinio darbo pavadinimas},
  school = {Universiteto pavadinimas},
  year   = {2005}
}

@phdthesis{PvzPhdEn,
  author = {A. Surname},
  title  = {Ttitle of PhD thesis},
  school = {Title of university},
  year   = {2005},
  langid = {english}
}

@misc{LikvidacijosKontraktas,
  author = {Venus Governance},
  title  = {VIP-64 Enforce new liquidation interface},
  year   = {2022},
  url    = {https://app.venus.io/#/governance/proposal/64?chainId=56}
}

@misc{Emp,
  author = {Kaihua Qin and Liyi Zhou and Pablo Gamito and Philipp Jovanovic and Arthur Gervais},
  title  = {An Empirical Study of DeFi Liquidations: Incentives, Risks, and Instabilities},
  year   = {2021},
  url    = {https://arxiv.org/abs/2106.06389}
}

@misc{LikvidacijuProtokolai,
  author = {DefiLlama},
  title  = {Lending TVL Rankings},
  url    = {https://defillama.com/protocols/Lending},
  note   = {Tikrinta 2024-12-08}
}

@misc{kriptovaliutosio,
  author = {Artūras Pileckis},
  title  = {Kas yra kriptovaliutų skolinimas (Lending) ir kaip jis veikia?},
  url    = {https://kriptovaliutos.io/kas-yra-kriptovaliutu-skolinimas-lending-ir-kaip-jis-veikia/},
  year   = {2024}
}

@misc{targettrend,
  author = {Nnamdi Okeke},
  title  = {Kaip gauti ir naudoti Binance kriptovaliutų paskolas},
  url    = {https://targettrend.com/lt/binance-crypto-loans/},
  year   = {2024}
}

@misc{shortinimas,
  author = {Binance Academy},
  title  = {What is short selling in financial markets?},
  url    = {https://www.binance.com/en/square/post/511206},
  year   = {2020}
}

@misc{venusliquidations,
  author = {Venus},
  title  = {Liquidations},
  url    = {https://docs-v4.venus.io/guides/liquidation},
  year   = {2024}
}

@misc{liqpvz,
  author = {blocksec},
  url    = {https://app.blocksec.com/explorer/tx/bsc/0x8d286fa28b0eb4d4d4e1a8cdaf078190f207921f5d1a5f198de56f5995e2c606}
}

@misc{exploitFix,
  author = {Venus},
  url    = {https://app.venus.io/\#/governance/proposal/73?chainId=56}
}

