%% Plačiau apie šaltinių tipus ir jų atributus:
%% http://mirror.datacenter.by/pub/mirrors/CTAN/macros/latex/contrib/biblatex/doc/biblatex.pdf#subsection.2.1

% %% Internetinių puslapių citavimas
% @online{PvzInternetinisPuslapis,
%   author  = {Internetinis puslapis},
%   title   = {Puslapio pavadinimas},
%   url     = {puslapio nuoroda},
%   urldate = {2024-04-25}
% }

% %% Dirbtinio intelekto modelių citavimo pavyzdys 
% @online{chatgpt_bendrai,
%   author  = {OpenAI},
%   title   = {ChatGPT},
%   year    = {2024},
%   url     = {https://www.openai.com/},
%   urldate = {2024-06-06}
% }

% %% Norint cituoti konkretų dirbtinio intelekto pokalbį, tai galima atlikti štai taip 
% @online{chatgpt_pokalbis,
%   author  = {OpenAI},
%   title   = {ChatGPT},
%   year    = {2024},
%   note    = {Atsakymas į klausimą apie citavimo pavyzdį},
%   url     = {https://chatgpt.com/share/550cde77-019d-414d-b36a-f3ac9b857b9c},
%   urldate = {2024-06-06}
% }

% %% Duomenų rinkinio citavimas
% @dataset{dataset,
%   title  = {Duomenų rinkinio pavadinimas},
%   url    = {nuoroda},
%   author = {A. Pavardenis and B. Pavardonis and C. Pavardauskas},
%   year   = {2022}
% }

% %% Lietuviškų straipsnių citavimas 
% @article{PvzStraipsnLt,
%   author  = {A. Pavardenis and B. Pavardonis and C. Pavardauskas},
%   title   = {Straipsnio pavadinimas},
%   journal = {Žurnalo pavadinimas},
%   year    = {2001},
%   volume  = {IV},
%   pages   = {8-17}
% } 

% %% Angliškų straipsnių citavimas
% @article{PvzStraipsnEn,
%   author  = {A. Surname and B. Tsurname and C. Usurname},
%   title   = {Article Title},
%   journal = {Journal Title},
%   year    = {2001},
%   volume  = {IV},
%   pages   = {3-15},
%   langid  = {english}
% } 

% %% Lietuviškų straipsnių iš konferencijų citavimas
% @inproceedings{PvzKonfLt,
%   author    = {A. Pavardenis and B. Pavardonis and C. Pavardauskas and D. Pavardinskas},
%   title     = {Straipsnio pavadinimas},
%   booktitle = {Rinkinio pavadinimas},
%   year      = {2002},
%   publisher = {Leidykla},
%   address   = {Miestas, šalis},
%   pages     = {3-15}
% }

% %% Angliškų straipsnių iš konferecijų citavimas
% @inproceedings{PvzKonfEn,
%   author    = {A. Surname and B. Tsurname and C. Usurname and D. Vsurname},
%   title     = {Article title},
%   booktitle = {Conference book title},
%   year      = {2002},
%   publisher = {Publisher},
%   address   = {City, country},
%   pages     = {3-15},
%   langid    = {english}
% }

% %% Lietuviškų knygų citavimas
% @book{PvzKnygLt,
%   author    = {A. Pavardenis and B. Pavardonis and C. Pavardauskas},
%   title     = {Knygos pavadinimas},
%   publisher = {Leidykla},
%   year      = {2003},
%   address   = {Miestas, šalis},
%   note      = {172 psl.}
% }

% %% Angliškų knygų citavimas
% @book{PvzKnygEn,
%   author    = {A. Surname and B. Tsurname and C. Usurname},
%   title     = {Book title},
%   publisher = {Publisher},
%   year      = {2003},
%   address   = {City, country},
%   note      = {172 p.},
%   langid    = {english}
% }

% %% Lietuviškų publikacijų citavimas
% @misc{PvzElPubLt,
%   author       = {A. Pavardenis and B. Pavardonis and C. Pavardauskas},
%   title        = {Elektroninės publikacijos pavadinimas},
%   howpublished = {\url{http://example.com/kelias/iki/straipsnio.pdf}},
%   year         = {2004},
%   note         = {45 KB, žiūrėta 2015-02-01}
% }

% %% Angliškų publikacijų citavimas
% @misc{PvzElPubEn,
%   author       = {A. Surname and B. Tsurname and C. Usurname},
%   title        = {Online Publication Title},
%   howpublished = {\url{http://example.com/path/to/the/article.pdf}},
%   year         = {2004},
%   note         = {45 KB, žiūrėta 2015-02-01.},
%   langid       = {english}
% }

% %% Magistrinio baigiamojo darbo citavimas
% @mastersthesis{PvzMagistrLt,
%   author = {A. Pavardonis},
%   title  = {Magistrinio darbo pavadinimas},
%   school = {Universiteto pavadinimas},
%   year   = {2005}
% }


% @phdthesis{PvzPhdEn,
%   author = {A. Surname},
%   title  = {Ttitle fo PhD thesis},
%   school = {Title of university},
%   year   = {2005},
%   langid = {english}
% }
  
% %% Internetinių puslapių citavimas
% @online{amssymb,
%   author  = {Internetinis puslapis},
%   title   = {Puslapio pavadinimas},
%   url     = {puslapio nuoroda},
%   urldate = {2024-04-25}
% }
% @online{amsdoc,
%   author  = {American Mathematical Society and the \LaTeX\ Project},
%   title   = {User’s Guide for the amsmath Package (Version 2.1)},
%   url     = {https://mirror.macomnet.net/pub/CTAN/macros/latex/required/amsmath/amsldoc.pdf},
%   urldate = {2024-06-27}
% }

% @online{mtoolsdoc,
%   author  = {M.~Høgholm and L.~Madsen and the \LaTeX3\ project},
%   title   = {The mathtools package},
%   url     = {https://sunsite.icm.edu.pl/pub/CTAN/macros/latex/contrib/mathtools/mathtools.pdf},
%   urldate = {2024-06-27}
% }

% @online{physdoc,
%   author  = {Sergio C. de la Barrera},
%   title   = {The physics package},
%   url     = {https://ctan.altspu.ru/macros/latex/contrib/physics/physics.pdf},
%   urldate = {2024-06-27}
% }


@misc{LikvidacijosKontraktas,
  author = {Venus Governance},
  title  = {VIP-64 Enforce new liquidation interface},
  year   = {2022},
  url    = {https://app.venus.io/#/governance/proposal/64?chainId=56}
}

@misc{Emp,
  author = {Kaihua Qin and Liyi Zhou and Pablo Gamito and Philipp Jovanovic and Arthur Gervais},
  title  = {An Empirical Study of DeFi Liquidations: Incentives, Risks, and Instabilities},
  year   = {2021},
  url    = {https://arxiv.org/abs/2106.06389}
}

@misc{LikvidacijuProtokolai,
  author = {DefiLlama},
  title  = {Lending TVL Rankings},
  url    = {https://defillama.com/protocols/Lending},
  note   = {Tikrinta 2025-05-21}
}

@misc{kriptovaliutosio,
  author = {Artūras Pileckis},
  title  = {Kas yra kriptovaliutų skolinimas (Lending) ir kaip jis veikia?},
  url    = {https://kriptovaliutos.io/kas-yra-kriptovaliutu-skolinimas-lending-ir-kaip-jis-veikia/},
  year   = {2024}
}

@misc{targettrend,
  author = {Nnamdi Okeke},
  title  = {Kaip gauti ir naudoti Binance kriptovaliutų paskolas},
  url    = {https://targettrend.com/lt/binance-crypto-loans/},
  year   = {2024}
}

@misc{shortinimas,
  author = {Binance Academy},
  title  = {What is short selling in financial markets?},
  url    = {https://www.binance.com/en/square/post/511206},
  year   = {2020}
}

@online{liqpvz,
  author = {blocksec},
  url    = {https://app.blocksec.com/explorer/tx/bsc/0x8d286fa28b0eb4d4d4e1a8cdaf078190f207921f5d1a5f198de56f5995e2c606}
}

@misc{exploitFix,
  author = {Venus},
  url    = {https://app.venus.io/\#/governance/proposal/73?chainId=56}
}

@online{whatisdefiliquidation,
  author = {Lorena Nessi},
  title = {What Is DeFi Liquidation: Meaning, Incentives, & Risks},
  year = {2024},
  url = {https://www.ccn.com/education/crypto/what-is-defi-liquidation/?utm_source=chatgpt.com},
}

@misc{venusprotocolcode,
  author = {Venus Protocol},
  title = {Venus Protocol GitHub Repository},
  year = {2024},
  url = {https://github.com/VenusProtocol/venus-protocol},
  note = {GitHub saugykla}
}

@online{venusrewards,
  author = {Venus},
  title = {Reward Distributor},
  year = {2024},
  url = {https://docs-v4.venus.io/whats-new/reward-distributor},
}

@online{aaveincentives,
  author = {AAVE},
  title = {AAVE Incentives},
  url = {https://aave.com/docs/developers/smart-contracts/incentives#write-methods-claimrewards},
}

@online{venusmaxcf,
  author = {Venus Protocol},
  url = {https://github.com/VenusProtocol/venus-protocol/blob/22c740bdb1167373f90a7d243bf6c8b56896d7d6/contracts/Comptroller/Diamond/facets/FacetBase.sol#L27},
  note = {collateralFactorMaxMantissa konfiguracija}
}

@misc{venus-is-fork,
  author = {2sats},
  title = {Venus Protocol: A Mixture of Compound and MakerDAO on the Binance Smart Chain},
  year = {2021},
  url = {https://www.publish0x.com/2sats/venus-protocol-a-mixture-of-compound-and-makerdao-on-the-bin-xwwmwel},
}

@misc{aave-risks,
  author = {AAVE},
  title = {Risks},
  year = {2025},
  url = {https://aave.com/docs/concepts/risks},
}

@misc{compound-closefactor,
  author = {Compound},
  title = {Close Factor},
  year = {2025},
  url = {https://docs.compound.finance/v2/comptroller/#close-factor},
}

@misc{aave-liquidation,
  year = {2025},
  author = {AAVE},
  title = {Aave Technical Docs – Liquidation Mechanism},
  url = {https://aave.com/docs/developers/liquidations},
}

@misc{whatisvenus,
  year = {2023},
  author = {Mauro},
  title = {What is Venus? All You Need to Know About XVS},
  url = {https://www.gate.io/learn/articles/what-is-venus/736?utm_source=chatgpt.com},
}

@misc{venuscompoundfork,
  year = {2025},
  author = {DefiLlama},
  title = {Compound V2 forks},
  url = {https://defillama.com/protocol/forks/compound-v2?utm_source=chatgpt.com},
}

@misc{compseperatecf,
  year = {2025},
  author = {Compound},
  title = {V2 Liquidation},
  url = {https://docs.compound.finance/liquidation/#liquidation},
}

@misc{compound-liquidation,
  year = {2025},
  author = {Compound},
  title = {Liquidate Borrow},
  url = {https://docs.compound.finance/v2/ctokens/#liquidate-borrow},
}

@misc{compound-positionstructure,
  year = {2025},
  author = {Compound},
  title = {cTokens},
  url = {https://docs.compound.finance/v2/ctokens/#ctokens},
}

@misc{compound-incentive,
  year = {2025},
  author = {Compound},
  title = {V2 Liquidation Incentive},
  url = {https://docs.compound.finance/v2/comptroller/#liquidation-incentive},
}

@misc{compound2launch,
  year = {2025},
  author = {Compound},
  title = {Compound V2},
  url = {https://docs.compound.finance/v2/},
}

@misc{aavelikvidacijos,
  year = {2025},
  author = {Aave},
  title = {Health Factor & Liquidations},
  url = {https://aave.com/help/borrowing/liquidations},
}

@online{forge,
  year = {2025},
  author = {Foundry},
  title = {Forge},
  url = {https://book.getfoundry.sh/forge/},
}

@misc{venussavokosbendras,
  year = {2024},
  author = {Venus},
  title = {Liquidations},
  url = {https://docs-v4.venus.io/guides/liquidation},
}

